101 221172186I0460022842103282309A094101People'sUnitedBankNA   MA DFML                        
5220MA DFML                             P046002284PPDMA PFML   Mar 21210329   1221172180000001
62244400000303030000003      0000010375P3             Stephens John           1221172180000002
799R0106300004000010100000024823818                                            091000012930258
62244400002303030000023      0000012375P20            Fry Sara                1221172180000004
799R0206300004000010100000024823818                                            091000012930258
62244400005203030000052      0000015275P46            Brown Tiffany           1221172180000009
799R0506300004000010100000024823818                                            091000012930258
62244400007303030000073      0000017375P61            Shaw Joshua             1221172180000013
798C01063000040000101000000248238184000401234                                  091000012930258
62244400008303030000083      0000018375P68            Gates Tyler             1221172180000014
798C0206300004000010100000024823818100234567                                   091000012930258
62244400009303030000093      0000019375P75            Snyder Rita             1221172180000015
798C050630000400001010000002482381822                                          091000012930258
62244400011303030000113      0000021375P92            Dillon Anthony          1221172180000019
799R0106300004000010100000024823818                                            091000012930258
62344400000103030000001      0000000000E1             Boone Dennis            1221172180000021
799R0106300004000010100000024823818                                            091000012930258
62344400003003030000030      0000000000E26            Roberts Amber           1221172180000026
798C0106300004000010100000024823818400123456                                   091000012930258
62344400002103030000021      0000000000E18            Norris Frederick        1221172180000025
798C0206300004000010100000024823818100123456                                   091000012930258
62344400003103030000031      0000000000E27            Rodriguez Alexander     1221172180000027
799R0506300004000010100000024823818                                            091000012930258
62344400008103030000081      0000000000E67            Chavez William          1221172180000035
799R0106300004000010100000024823818                                            091000012930258
62344400010103030000101      0000000000E82            Lee Bianca              1221172180000036
799R0506300004000010100000024823818                                            091000012930258
62344400011103030000111      0000000000E90            Lewis Margaret          1221172180000038
798C050630000400001010000002482381822                                          091000012930258
82200000391731600223000000000000000000325500P046002284                         221172180000001
9000001000005000000281731600223000000000000000000325500                                       
9999999999999999999999999999999999999999999999999999999999999999999999999999999999999999999999
9999999999999999999999999999999999999999999999999999999999999999999999999999999999999999999999
