101 221172186P0460022842103172158A094101People'sUnitedBankNA   EOL-DFML                       
5220EOL-DFML                            P046002284PPDPFML MED  Mar 21210317   1221172180000001
622231380104122424           00000123001224asdfgasdf  Smith John              0221172180000001
82200000010023138010000000000000000000012300P046002284                         221172180000001
5220EOL-DFML                            P046002284PPDPFML FAM  Mar 21210317   1221172180000001
622231380104122425           00000129001224asdfgas23r Smith John              0221172180000001
82200000010023138010000000000000000000012900P046002284                         221172180000001
9000002000001000000020046276020000000000000000000025200                                       
9999999999999999999999999999999999999999999999999999999999999999999999999999999999999999999999
9999999999999999999999999999999999999999999999999999999999999999999999999999999999999999999999