101 221172186I0460022842103172158A094101People'sUnitedBankNA   MA DFML                        
5220MA DFML                             I046002284PPDMA PFML   Mar 21210317   1221172180000001
622231380104122424           00000123001224asdfgasdf  Smith John              0221172180000001
622231380104122425           00000129001224asdfgas23r Smith John              0221172180000002
82200000020046276020000000000000000000025200I046002284                         221172180000001
9000001000001000000020046276020000000000000000000025200
9999999999999999999999999999999999999999999999999999999999999999999999999999999999999999999999
9999999999999999999999999999999999999999999999999999999999999999999999999999999999999999999999
9999999999999999999999999999999999999999999999999999999999999999999999999999999999999999999999
9999999999999999999999999999999999999999999999999999999999999999999999999999999999999999999999